@book{Bishop2007,
author = {Bishop, Christopher M.},
isbn = {0387310738},
pages = {740},
publisher = {Springer},
title = {{Pattern Recognition and Machine Learning}},
url = {http://www.amazon.co.uk/Pattern-Recognition-Learning-Information-Statistics/dp/0387310738},
year = {2007}
}

@misc{QtFramework,
author = {Nokia Corporation},
title = { Qt - A cross-platform application and UI framework },
month = sept,
year = {2011},
url = {http://qt.nokia.com/products/}
}
